<?xml version="1.0" encoding="UTF-8"?><collection xmlns="http://www.loc.gov/MARC21/slim"><record><leader>00383nam--2200133-i-4500</leader><controlfield tag="001">000029957</controlfield><controlfield tag="002">20161230</controlfield><controlfield tag="005">20161230201038</controlfield><controlfield tag="008">060222s1000------------r-----000-0-eng-d</controlfield><datafield ind1=" " ind2=" " tag="080"><subfield code="a">53:378</subfield></datafield><datafield ind1=" " ind2=" " tag="100"><subfield code="a">Kutliroff, David</subfield></datafield><datafield ind1=" " ind2=" " tag="245"><subfield code="a">Physics teacher`s guide.effective classroom demonstrations and activities</subfield></datafield><datafield ind1=" " ind2=" " tag="260"><subfield code="a">West Nyack, Parker Publ., Comp., Inc., 1970. 258p</subfield></datafield><datafield ind1=" " ind2=" " tag="852"><subfield code="a">36411</subfield></datafield></record></collection>